<?xml version="1.0" encoding="UTF-8"?><collection xmlns="http://www.loc.gov/MARC21/slim"><record><leader>00639nam--2200253-u-4500</leader><controlfield tag="001">000050453</controlfield><controlfield tag="002">20161230</controlfield><controlfield tag="003">81835</controlfield><controlfield tag="005">20161230201048</controlfield><controlfield tag="008">070322s1000------------r-----000-0-eng-d</controlfield><datafield ind1=" " ind2=" " tag="020"><subfield code="a">3-540-40704-9</subfield></datafield><datafield ind1=" " ind2=" " tag="040"><subfield code="a">IFIN-HH</subfield></datafield><datafield ind1=" " ind2=" " tag="041"><subfield code="a">eng</subfield></datafield><datafield ind1=" " ind2=" " tag="080"><subfield code="a">530.145:519.254:004.382</subfield></datafield><datafield ind1="1" ind2=" " tag="100"><subfield code="a">Hirvensalo,Mika</subfield></datafield><datafield ind1="1" ind2="0" tag="245"><subfield code="a">Quantum Computing</subfield><subfield code="c">Mika Hirvensalo</subfield></datafield><datafield ind1=" " ind2=" " tag="250"><subfield code="a">Second Edition</subfield></datafield><datafield ind1=" " ind2=" " tag="260"><subfield code="a">Berlin</subfield><subfield code="b">Springer-Verlag</subfield><subfield code="c">2004</subfield></datafield><datafield ind1=" " ind2=" " tag="300"><subfield code="a">214 p</subfield></datafield><datafield ind1=" " ind2=" " tag="490"><subfield code="a">Natural Computing Series</subfield></datafield><datafield ind1=" " ind2=" " tag="504"><subfield code="a">Includes Index</subfield></datafield><datafield ind1=" " ind2="4" tag="650"><subfield code="a">Quantum Information</subfield></datafield><datafield ind1=" " ind2=" " tag="852"><subfield code="a">81835</subfield><subfield code="c">530.14</subfield></datafield><datafield ind1=" " ind2=" " tag="CAT"><subfield code="a">Sys</subfield><subfield code="c">20110328</subfield><subfield code="h">121906</subfield></datafield></record></collection>